%! Author = snaens
%! Date = 3/2/23

@phdthesis{tesi,
    author = {Daniele Certini},
    year = {2017},
    month = {10},
    title = {The aerodynamics of plumed seeds of Taraxacum officinale: an experimental and numerical investigation},
    doi = {10.13140/RG.2.2.27091.45602}
}

@online{ach_pusteblume,
    author = {Manuela Hülsig},
    title = {Die Pusteblume – ein Symbol für Leichtigkeit und loslassen},
    date = {2015-10-19},
    url = {https://therapie-beratung-huesing.de/die-pusteblume-ein-symbol-fuer-leichtigkeit-und-loslassen/},
    urldate = {2023-10-26}
}

@online{Taraxacum,
    author = {biologie-seite.de},
    title = {Löwenzahn (Taraxacum), Achäne},
    year = {2023},
    url = {https://www.biologie-seite.de/Biologie/L%C3%B6wenzahn_(Taraxacum), https://www.biologie-seite.de/Biologie/Ach%C3%A4ne},
    urldate = {2023-10-26}
}

@online{wisc-dandelion,
    author = {University of Wisconsin-Madison},
    title = {Dandelion, Taraxacum officinale},
    year = {2023},
    url = {https://hort.extension.wisc.edu/articles/dandelion-taraxacum-officinale/},
    urldate = {2023-10-26}
}

@online{josh-BOS,
    author = {JoshTheEngineer},
    title = {How To Take Pictures Like NASA: DIY Background Oriented Schlieren},
    date = {2019-10-20},
    url = {https://www.youtube.com/watch?v=VCUN59x0LF4},
    urldate = {2023-10-29},
}

@online{kerze-schliere,
    author = {Dr. Gary Settles},
    title = {Schlieren photograph},
    url = {https://commons.wikimedia.org/wiki/File:Laminar-turbulent_transition.jpg#/media/Datei:Laminar-turbulent_transition.jpg},
    urldate = {2023-10-29},
}

@online{esss,
    author = {NathanHagen},
    title = {Optical layout of a single-mirror schlieren system.},
    date = {2 April 2022},
    url = {https://upload.wikimedia.org/wikipedia/commons/3/37/Single_mirror_schlieren.svg},
}

@online{schlieren,
    author = {H. Jebsen-Marwedel},
    title = {Schlieren (Glas in Glas)},
    date = {1959},
    url = {https://link.springer.com/chapter/10.1007/978-3-662-28675-3_2},
    urldate = {2023-11-03},
}

@online{sl_pro,
    author = {Cummins, C. and Seale, M. and Macente, A. and et al.},
    title = {A separated vortex ring underlies the flight of the dandelion.},
    date = {2018-10-17},
    url = {https://www.nature.com/articles/s41586-018-0604-2/},
}

@online{morph,
    author = {Seiichi Sudo and et al.},
    title = {Morphological Design of Dandelion},
    date = {2008},
    url = {https://fliphtml5.com/sibd/jiba/basic},
}